<record><leader>00000cas a22000007a 4500</leader><controlfield tag="001">10410989</controlfield><controlfield tag="008">840214d19621963ohucr ne      0    0eng d</controlfield><datafield ind1=" " ind2=" " tag="010"><subfield code="a">sn 84028103 </subfield></datafield><datafield ind1=" " ind2=" " tag="040"><subfield code="a">NPY</subfield><subfield code="b">eng</subfield><subfield code="c">NPY</subfield><subfield code="d">ONP</subfield><subfield code="d">OCLCQ</subfield></datafield><datafield ind1=" " ind2=" " tag="042"><subfield code="a">msc</subfield></datafield><datafield ind1="0" ind2="0" tag="245"><subfield code="a">Geauga times leader and record.</subfield></datafield><datafield ind1="1" ind2="7" tag="246"><subfield code="a">Times leader and record</subfield></datafield><datafield ind1=" " ind2=" " tag="260"><subfield code="a">Chardon, Ohio :</subfield><subfield code="b">Telegraph Republican Co.,</subfield><subfield code="c">1962-</subfield></datafield><datafield ind1=" " ind2=" " tag="300"><subfield code="a">v.</subfield></datafield><datafield ind1=" " ind2=" " tag="310"><subfield code="a">Semiweekly</subfield></datafield><datafield ind1="0" ind2=" " tag="362"><subfield code="a">Vol. 88, no. 42 (July 16, 1962)-v. 89, no. 96 (Dec. 5, 1963).</subfield></datafield><datafield ind1=" " ind2="4" tag="651"><subfield code="a">Chardon (Ohio)</subfield><subfield code="v">Newspapers.</subfield></datafield><datafield ind1=" " ind2="4" tag="651"><subfield code="a">Geauga County (Ohio)</subfield><subfield code="v">Newspapers.</subfield></datafield><datafield ind1=" " ind2=" " tag="752"><subfield code="a">United States</subfield><subfield code="b">Ohio</subfield><subfield code="c">Geauga</subfield><subfield code="d">Chardon.</subfield></datafield><datafield ind1="0" ind2="4" tag="780"><subfield code="t">Geauga record (Chardon, Ohio : 1952)</subfield><subfield code="w">(DLC)sn 84028102</subfield></datafield><datafield ind1="0" ind2="4" tag="780"><subfield code="t">Geauga times-leader (Burton, Ohio)</subfield><subfield code="w">(DLC)sn 84028101</subfield></datafield><datafield ind1="0" ind2="0" tag="785"><subfield code="t">Geauga times leader (Chardon, Ohio)</subfield><subfield code="w">(DLC)sn 88078619</subfield></datafield><datafield ind1="1" ind2=" " tag="029"><subfield code="a">AU@</subfield><subfield code="b">000020532069</subfield></datafield></record>